<record><leader>00000cas a22000007a 4500</leader><controlfield tag="001">11781385</controlfield><controlfield tag="008">850308d18961928utuwr ne      0    0eng d</controlfield><datafield ind1=" " ind2=" " tag="010"><subfield code="a">sn 85058040 </subfield></datafield><datafield ind1=" " ind2=" " tag="040"><subfield code="a">UNP</subfield><subfield code="b">eng</subfield><subfield code="c">UNP</subfield><subfield code="d">UBY</subfield><subfield code="d">OCLCQ</subfield><subfield code="d">OCLCF</subfield><subfield code="d">OCLCO</subfield></datafield><datafield ind1=" " ind2=" " tag="042"><subfield code="a">msc</subfield></datafield><datafield ind1=" " ind2=" " tag="043"><subfield code="a">n-us-ut</subfield></datafield><datafield ind1="0" ind2=" " tag="130"><subfield code="a">Beaver County news (Milford, Utah : 1896)</subfield></datafield><datafield ind1="1" ind2="0" tag="245"><subfield code="a">Beaver County news.</subfield></datafield><datafield ind1=" " ind2=" " tag="260"><subfield code="a">Milford, Utah :</subfield><subfield code="b">Beaver County News Pub. Co.,</subfield><subfield code="c">1896-1928.</subfield></datafield><datafield ind1=" " ind2=" " tag="300"><subfield code="a">v. :</subfield><subfield code="b">ill. ;</subfield><subfield code="c">58 cm.</subfield></datafield><datafield ind1=" " ind2=" " tag="310"><subfield code="a">Weekly</subfield></datafield><datafield ind1="0" ind2=" " tag="362"><subfield code="a">Vol. 1, no. 1 (June 19, 1896)-v. 25, no. 21 (Apr. 13, 1928).</subfield></datafield><datafield ind1=" " ind2="0" tag="651"><subfield code="a">Beaver County (Utah)</subfield><subfield code="v">Newspapers.</subfield></datafield><datafield ind1=" " ind2="0" tag="651"><subfield code="a">Milford (Utah)</subfield><subfield code="v">Newspapers.</subfield></datafield><datafield ind1=" " ind2="7" tag="655"><subfield code="a">Newspapers.</subfield><subfield code="2">fast</subfield><subfield code="0">(OCoLC)fst01423814</subfield></datafield><datafield ind1=" " ind2="7" tag="651"><subfield code="a">Utah</subfield><subfield code="z">Beaver County.</subfield><subfield code="2">fast</subfield><subfield code="0">(OCoLC)fst01207516</subfield></datafield><datafield ind1=" " ind2="7" tag="651"><subfield code="a">Utah</subfield><subfield code="z">Milford.</subfield><subfield code="2">fast</subfield><subfield code="0">(OCoLC)fst01217627</subfield></datafield><datafield ind1=" " ind2=" " tag="752"><subfield code="a">United States</subfield><subfield code="b">Utah</subfield><subfield code="c">Beaver</subfield><subfield code="d">Milford.</subfield></datafield><datafield ind1="0" ind2="0" tag="780"><subfield code="t">Utonian (Beaver, Utah)</subfield><subfield code="w">(DLC)sn 85058041</subfield><subfield code="w">(OCoLC)11781350</subfield></datafield><datafield ind1="0" ind2="0" tag="785"><subfield code="t">Milford news</subfield><subfield code="w">(DLC)sn 85058042</subfield><subfield code="w">(OCoLC)11781427</subfield></datafield></record>